<?xml version="1.0" encoding="UTF-8"?><collection xmlns="http://www.loc.gov/MARC21/slim"><record><leader>00387nam--2200133-i-4500</leader><controlfield tag="001">000026789</controlfield><controlfield tag="002">20161230</controlfield><controlfield tag="005">20161230201036</controlfield><controlfield tag="008">060222s1000------------r-----000-0-eng-d</controlfield><datafield ind1=" " ind2=" " tag="100"><subfield code="a">Klimant, Deitmar., Gubsch Gottfried Und Gottschall, Rolf</subfield></datafield><datafield ind1=" " ind2=" " tag="245"><subfield code="a">Electronische messtechnik</subfield></datafield><datafield ind1=" " ind2=" " tag="260"><subfield code="a">Belin, Veb Verlag Technik, 1973, 175p</subfield></datafield><datafield ind1=" " ind2=" " tag="490"><subfield code="a">Lehrbuch Fur Die Berufsbildung</subfield></datafield><datafield ind1=" " ind2=" " tag="852"><subfield code="a">42473</subfield></datafield></record></collection>